@article{kim2013stereoscopic,
  title={Stereoscopic 3D line drawing},
  author={Kim, Yongjin and Lee, Yunjin and Kang, Henry and Lee, Seungyong},
  journal={ACM Transactions on Graphics (TOG)},
  volume={32},
  number={4},
  pages={57},
  year={2013},
  publisher={ACM}
}

@inproceedings{bukenberger2018stereo,
  title={Stereo-Consistent Contours in Object Space},
  author={Bukenberger, Dennis R and Schwarz, Katharina and Lensch, Hendrik PA},
  booktitle={Computer Graphics Forum},
  volume={37},
  number={1},
  pages={301--312},
  year={2018},
  organization={Wiley Online Library}
}

@article{wysiwyg2002drawing,
  title={Drawing strokes directly on 3D models},
  author={WYSIWYG, NPR},
  journal={ACM Trans. on Graphics},
  year={2002}
}

@article{geiger1995occlusions,
  title={Occlusions and binocular stereo},
  author={Geiger, Davi and Ladendorf, Bruce and Yuille, Alan},
  journal={International Journal of Computer Vision},
  volume={14},
  number={3},
  pages={211--226},
  year={1995},
  publisher={Springer}
}

@inproceedings{cole2008people,
  title={Where do people draw lines?},
  author={Cole, Forrester and Golovinskiy, Aleksey and Limpaecher, Alex and Barros, Heather Stoddart and Finkelstein, Adam and Funkhouser, Thomas and Rusinkiewicz, Szymon},
  booktitle={ACM Transactions on Graphics (TOG)},
  volume={27},
  number={3},
  pages={88},
  year={2008},
  organization={ACM}
}

@inproceedings{rusinkiewicz2008line,
  title={Line drawings from 3D models},
  author={Rusinkiewicz, Szymon and Cole, Forrester and DeCarlo, Doug and Finkelstein, Adam},
  booktitle={ACM SIGGRAPH 2008 classes},
  pages={39},
  year={2008},
  organization={ACM}
}

@inproceedings{hertzmann2000illustrating,
  title={Illustrating smooth surfaces},
  author={Hertzmann, Aaron and Zorin, Denis},
  booktitle={Proceedings of the 27th annual conference on Computer graphics and interactive techniques},
  pages={517--526},
  year={2000},
  organization={ACM Press/Addison-Wesley Publishing Co.}
}

@inproceedings{raskar1999image,
  title={Image precision silhouette edges},
  author={Raskar, Ramesh and Cohen, Michael},
  booktitle={Proceedings of the 1999 symposium on Interactive 3D graphics},
  pages={135--140},
  year={1999},
  organization={ACM}
}

@article{decarlo2003suggestive,
  title={Suggestive contours for conveying shape},
  author={DeCarlo, Doug and Finkelstein, Adam and Rusinkiewicz, Szymon and Santella, Anthony},
  journal={ACM Transactions on Graphics (TOG)},
  volume={22},
  number={3},
  pages={848--855},
  year={2003},
  publisher={ACM}
}

@inproceedings{raskar2001hardware,
  title={Hardware support for non-photorealistic rendering},
  author={Raskar, Ramesh},
  booktitle={Proceedings of the ACM SIGGRAPH/EUROGRAPHICS workshop on Graphics hardware},
  pages={41--47},
  year={2001},
  organization={ACM}
}

@inproceedings{yang2010real,
  title={Real-time concurrent linked list construction on the GPU},
  author={Yang, Jason C and Hensley, Justin and Gr{\"u}n, Holger and Thibieroz, Nicolas},
  booktitle={Computer Graphics Forum},
  volume={29},
  number={4},
  pages={1297--1304},
  year={2010},
  organization={Wiley Online Library}
}

@inproceedings{decarlo2002stylization,
  title={Stylization and abstraction of photographs},
  author={DeCarlo, Doug and Santella, Anthony},
  booktitle={ACM transactions on graphics (TOG)},
  volume={21},
  number={3},
  pages={769--776},
  year={2002},
  organization={ACM}
}

@inproceedings{stavrakis2005image,
  title={Image-based stereoscopic stylization},
  author={Stavrakis, Efstathios and Bleyer, Michael and Markovic, Danijela and Gelautz, Margrit},
  booktitle={Image Processing, 2005. ICIP 2005. IEEE International Conference on},
  volume={3},
  pages={III--5},
  year={2005},
  organization={IEEE}
}

@inproceedings{hertzmann1998painterly,
  title={Painterly rendering with curved brush strokes of multiple sizes},
  author={Hertzmann, Aaron},
  booktitle={Proceedings of the 25th annual conference on Computer graphics and interactive techniques},
  pages={453--460},
  year={1998},
  organization={ACM}
}

@inproceedings{northam2012consistent,
  title={Consistent stylization and painterly rendering of stereoscopic 3D images},
  author={Northam, Lesley and Asente, Paul and Kaplan, Craig S},
  booktitle={Proceedings of the Symposium on Non-Photorealistic Animation and Rendering},
  pages={47--56},
  year={2012},
  organization={Eurographics Association}
}

@article{northam2013stereoscopic,
  title={Stereoscopic 3D image stylization},
  author={Northam, Lesley and Asente, Paul and Kaplan, Craig S},
  journal={Computers \& Graphics},
  volume={37},
  number={5},
  pages={389--402},
  year={2013},
  publisher={Elsevier}
}

@inproceedings{northrup2000artistic,
  title={Artistic silhouettes: A hybrid approach},
  author={Northrup, JD and Markosian, Lee},
  booktitle={Proceedings of the 1st international symposium on Non-photorealistic animation and rendering},
  pages={31--37},
  year={2000},
  organization={ACM}
}

@inproceedings{kalnins2003coherent,
  title={Coherent stylized silhouettes},
  author={Kalnins, Robert D and Davidson, Philip L and Markosian, Lee and Finkelstein, Adam},
  booktitle={ACM Transactions on Graphics (TOG)},
  volume={22},
  number={3},
  pages={856--861},
  year={2003},
  organization={ACM}
}

@article{everitt2001interactive,
  title={Interactive order-independent transparency},
  author={Everitt, Cass},
  journal={White paper, nVIDIA},
  volume={2},
  number={6},
  pages={7},
  year={2001}
}

@article{cole2010two,
  title={Two fast methods for high-quality line visibility},
  author={Cole, Forrester and Finkelstein, Adam},
  journal={IEEE transactions on visualization and computer graphics},
  volume={16},
  number={5},
  pages={707--717},
  year={2010},
  publisher={IEEE}
}

@inproceedings{appel1967notion,
  title={The notion of quantitative invisibility and the machine rendering of solids},
  author={Appel, Arthur},
  booktitle={Proceedings of the 1967 22nd national conference},
  pages={387--393},
  year={1967},
  organization={ACM}
}

@misc{DFRS03,
  title = {Suggestive contour gallery},
  author={DeCarlo, Doug and Finkelstein, Adam and Rusinkiewicz, Szymon and Santella, Anthony},
  year = {2003},
  howpublished = {http://gfx.cs.princeton.edu/proj/sugcon/models/},
  note = {Accessed: 1-October-2018}
}

@misc{INR04,
  title = {INRIA: Models from visionair shape repository},
  year = {2004},
  note = {Accessed: 1-October-2018}
}

@article{gooch1999interactive,
  title={Interactive technical illustration},
  author={Gooch, Bruce and Sloan, Peter-Pike J and Gooch, Amy and Shirley, Peter and Riesenfeld, Richard},
  journal={SI3D},
  volume={99},
  pages={31--38},
  year={1999},
  publisher={Citeseer}
}

@article{marshall2001cartoon,
  title={Cartoon Rendering: Real-Time Silhouette Edge Detection and Rendering},
  author={Marshall, Carl S},
  journal={Game Programming Gems},
  volume={2},
  pages={436--443},
  year={2001}
}

@article{everitt2002one,
  title={One-pass silhouette rendering with GeForce and GeForce2},
  author={Everitt, Cass},
  journal={White paper, NVIDIA Corporation},
  year={2002}
}

@inproceedings{rossignac1992hidden,
  title={Hidden contours on a frame-buffer.},
  author={Rossignac, Jarek and Van Emmerik, Maarten},
  booktitle={Eurographics Workshop on Graphics Hardware},
  pages={188--203},
  year={1992}
}

@article{decaudin1996cartoon,
  title={Cartoon-looking rendering of 3D-scenes},
  author={Decaudin, Philippe},
  journal={Syntim Project Inria},
  volume={6},
  year={1996}
}

@inproceedings{gao2010improved,
  title={An improved Sobel edge detection},
  author={Gao, Wenshuo and Zhang, Xiaoguang and Yang, Lei and Liu, Huizhong},
  booktitle={2010 3rd International Conference on Computer Science and Information Technology},
  volume={5},
  pages={67--71},
  year={2010},
  organization={IEEE}
}

@book{akenine2018real,
  title={Real-time rendering},
  author={Akenine-Moller, Tomas and Haines, Eric and Hoffman, Naty},
  year={2018},
  publisher={AK Peters/CRC Press}
}

@book{learnopengl, title={learnopengl}, url={https://learnopengl.com/Getting-started/Coordinate-Systems}, journal={learnopengl}}

@misc{topicsinopengl, title={Topics in OpenGL}, url={http://paulbourke.net/miscellaneous/OpenGL/}, journal={Topics in OpenGL}}

@article{ohtake2004ridge,
  title={Ridge-valley lines on meshes via implicit surface fitting},
  author={Ohtake, Yutaka and Belyaev, Alexander and Seidel, Hans-Peter},
  journal={ACM transactions on graphics (TOG)},
  volume={23},
  number={3},
  pages={609--612},
  year={2004},
  publisher={ACM}
}

@inproceedings{yoshizawa2005fast,
  title={Fast and robust detection of crest lines on meshes},
  author={Yoshizawa, Shin and Belyaev, Alexander and Seidel, Hans-Peter},
  booktitle={Proceedings of the 2005 ACM symposium on Solid and physical modeling},
  pages={227--232},
  year={2005},
  organization={ACM}
}

@inproceedings{isenberg2002stylizing,
  title={Stylizing silhouettes at interactive rates: From silhouette edges to silhouette strokes},
  author={Isenberg, Tobias and Halper, Nick and Strothotte, Thomas},
  booktitle={Computer Graphics Forum},
  volume={21},
  number={3},
  pages={249--258},
  year={2002},
  organization={Wiley Online Library}
}

@article{barta2011order,
  title={Order independent transparency with per-pixel linked lists},
  author={Barta, P{\'a}l and Kov{\'a}cs, Bal{\'a}zs and Szecsi, Supervised L{\'a}szl{\'o} and Szirmay-kalos, L{\'a}szl{\'o}},
  journal={Proceedings of CESCG},
  volume={2011},
  year={2011}
}

@misc{trimesh, title={trimesh2}, url={https://gfx.cs.princeton.edu/proj/trimesh2/}, journal={Princeton University}, publisher={The Trustees of Princeton University}}

@misc{transformfeedback, title={Transform Feedback}, url={https://www.khronos.org/opengl/wiki/Transform_Feedback}, journal={Transform Feedback - OpenGL Wiki}}

@inproceedings{he2019real,
  title={Real-Time Rendering of Stereo-Consistent Contours},
  author={He, Dejing and Wang, Rui and Bao, Hujun},
  booktitle={2019 IEEE Conference on Virtual Reality and 3D User Interfaces (VR)},
  pages={81--87},
  year={2019},
  organization={IEEE}
}